01,021000018,55287,051025,0600,1,80,080,2/                                      
02,55287,021000018,1,051022,0000,,/                                             
03,0101999999,,015,+00000004060801,,,045,+00000003836014,,,100,+00000001589285/ 
88,00008,,400,+00000001831945,00002,,040,+00000004059283,,/                     
16,175,000000000346685,Z,00087829876,Miami/                                
88,DEPOSIT LOCATION, ITEM COUNT 00004/                                          
16,175,000000000336375,Z,00088137654,Fort Lauderdale/                                
88,DEPOSIT LOCATION, ITEM COUNT 00008/                                          
16,175,000000000262575,Z,00086095789,Boca Raton/                                
88,DEPOSIT LOCATION, ITEM COUNT 00007/                                          
16,175,000000000186250,Z,00087793469,Palm Beach/                                
88,DEPOSIT LOCATION, ITEM COUNT 00001/                                          
16,175,000000000167775,Z,00087792345,Atlanta - Downtown/                                
88,DEPOSIT LOCATION, ITEM COUNT 00002/                                          
16,175,000000000127200,Z,00088101927,Atlanta - Lenox/                                
88,DEPOSIT LOCATION, ITEM COUNT 00010/                                          
16,175,000000000083875,Z,00088157722,NYC - 5th Ave/                                
88,DEPOSIT LOCATION, ITEM COUNT 00002/                                          
16,175,000000000078550,Z,00086079576,NYC - Village/                                
88,DEPOSIT LOCATION, ITEM COUNT 00002/                                          
16,451,000000001821445,Z,ACD0410288888888,01650088/                      
88,01650088 ABC Retailers - BNY/                                  
16,555,000000000010500,Z,VVN0410298989898,NYC - Trump/                           
88,DEPOSITED CHK RETURN     00000000/                                           
49,000000018798558,23/                                                          
03,6901355555,,015,+00000013561120,,,045,+00000013561120,,,100,+00000000063500/ 
88,00001,,400,+00000000070000,00001,,040,+00000013561120,,/                     
16,175,000000000063500,Z,00086081234,LA/                                 
88,DEPOSIT LOCATION, ITEM COUNT 00001/                                          
16,451,000000000070000,Z,ACD0410288553311,01650090/                      
88,01650090 ABC Retailers - BNY/                                  
49,000000040950360,7/                                                           
98,000000059748918,2,32/                                                        
99,000000059748918,1,34/                                                        